@misc{1misc,
	Author = {Apple},
	Month = {Julio},
	Title = {Best Practices for Working with Vertex Data},
	Url = {https://developer.apple.com/library/ios/documentation/3DDrawing/Conceptual/OpenGLES_ProgrammingGuide/TechniquesforWorkingwithVertexData/TechniquesforWorkingwithVertexData.html},
	Year = {2014}}

@misc{2misc,
	Author = {Kevin Brothaler},
	Month = {Mayo},
	Title = {An introducttion to Index Buffer Objecst (IBOs)},
	Url = {http://www.learnopengles.com/android-lesson-eight-an-introduction-to-index-buffer-objects-ibos/},
	Year = {2012}}